@article{sayers1996boundary,
  title={Boundary layer growth on a flat circular plate},
  author={Sayers, AT and Law, MG},
  journal={Journal of wind engineering and industrial aerodynamics},
  volume={62},
  number={2-3},
  pages={163--173},
  year={1996},
  publisher={Elsevier}
}

@book{deen1998analysis,
  title={Analysis of transport phenomena},
  author={Deen, William Murray},
  volume={2},
  year={1998},
  publisher={Oxford university press New York}
}

@book{incropera1996fundamentals,
  title={Fundamentals of heat and mass transfer},
  author={Incropera, Frank P and DeWitt, David P and Bergman, Theodore L and Lavine, Adrienne S and others},
  volume={6},
  year={1996},
  publisher={Wiley New York}
}

@article{shenoy2008flow,
  title={Flow over a thin circular disk at low to moderate Reynolds numbers},
  author={Shenoy, AR and Kleinstreuer, C},
  journal={Journal of Fluid Mechanics},
  volume={605},
  pages={253--262},
  year={2008},
  publisher={Cambridge University Press}
}

@article{nedic2013drag,
  title={Drag and near wake characteristics of flat plates normal to the flow with fractal edge geometries},
  author={Nedi{\'c}, J and Ganapathisubramani, Bharath and Vassilicos, John Christos},
  journal={Fluid Dynamics Research},
  volume={45},
  number={6},
  pages={061406},
  year={2013},
  publisher={IOP Publishing}
}

@techreport{flugge1962computation,
  title={Computation of the compressible laminar boundary-layer flow including
	  displacement-thickness interaction using finite-difference methods},
  author={Fl{\"u}gge-Lotz, I and Blottner, FG},
  year={1962},
  institution={Stanford University}
}

@book{bird2006transport,
  title={Transport Phenomena},
  edition={2},
  author={R. Byron Bird and Warren E. Stewart and Edwin N. Lightfoot},
  publisher={Wiley},
  year={2006}
}

@book{birkhoff2015hydrodynamics,
  title={Hydrodynamics},
  author={Birkhoff, Garrett},
  year={1960},
  publisher={Princeton University Press}
}

@book{harris1982computer,
  title={Computer program for solving laminar, transitional, 
	 or turbulent compressible boundary-layer equations 
         for two-dimensional and axisymmetric flow},
  author={Harris, Julius E and Blanchard, Doris K},
  volume={83207},
  year={1982},
  publisher={National Aeronautics and Space Administration, Scientific and Technical Information Branch}
}

@book{cousteix2005modeling,
  title={Modeling and computation of boundary-layer flows},
  author={Cousteix, T Cebeci J and Cebeci, J},
  year={2005},
  publisher={Springer}
}

@book{taocp,
  title={The Art of Computer Programming},
  author={Knuth, Donald E},
  year={1981},
  publisher={Addison Wesley}
}

@book{brownmodernmathematics1956,
	title={Modern Mathematics for the Engineer},
	author={G.W. Brown},
	editor={E.F. Beckenbach},
	year={1956},
	publisher={McGraw-Hill}
}

@techreport{cho2004compressible,
	title={Similarity transformation methods in the analysis of the two dimensional steady compressible laminar boundary layer},
	institution={MIT Mechanical Engineering},
	author={Yeunwoo Cho and Angelica Aessopos},
	year={2004},
	note={Term Paper}
}
